@ARTICLE{molla+09,
       author = {{Moll{\'a}}, M. and {Garc{\'\i}a-Vargas}, M.~L. and {Bressan}, A.},
        title = "{PopStar I: evolutionary synthesis model description}",
      journal = {\mnras},
     keywords = {Astrophysics - Cosmology and Nongalactic Astrophysics},
         year = 2009,
        month = sep,
       volume = {398},
       number = {1},
        pages = {451-470},
          doi = {10.1111/j.1365-2966.2009.15160.x},
archivePrefix = {arXiv},
       eprint = {0905.3664},
 primaryClass = {astro-ph.CO},
       adsurl = {https://ui.adsabs.harvard.edu/abs/2009MNRAS.398..451M},
      adsnote = {Provided by the SAO/NASA Astrophysics Data System}
}

@ARTICLE{bc+03,
       author = {{Bruzual}, G. and {Charlot}, S.},
        title = "{Stellar population synthesis at the resolution of 2003}",
      journal = {\mnras},
     keywords = {stars: evolution, galaxies: evolution, galaxies: formation, galaxies: stellar content, Astrophysics},
         year = 2003,
        month = oct,
       volume = {344},
       number = {4},
        pages = {1000-1028},
          doi = {10.1046/j.1365-8711.2003.06897.x},
archivePrefix = {arXiv},
       eprint = {astro-ph/0309134},
 primaryClass = {astro-ph},
       adsurl = {https://ui.adsabs.harvard.edu/abs/2003MNRAS.344.1000B},
      adsnote = {Provided by the SAO/NASA Astrophysics Data System}
}

@ARTICLE{vazdekis+16,
       author = {{Vazdekis}, A. and {Koleva}, M. and {Ricciardelli}, E. and {R{\"o}ck}, B. and {Falc{\'o}n-Barroso}, J.},
        title = "{UV-extended E-MILES stellar population models: young components in massive early-type galaxies}",
      journal = {\mnras},
     keywords = {globular clusters: general, galaxies: abundances, galaxies: elliptical and lenticular, cD, galaxies: evolution, galaxies: stellar content, Astrophysics - Astrophysics of Galaxies},
         year = 2016,
        month = dec,
       volume = {463},
       number = {4},
        pages = {3409-3436},
          doi = {10.1093/mnras/stw2231},
archivePrefix = {arXiv},
       eprint = {1612.01187},
 primaryClass = {astro-ph.GA},
       adsurl = {https://ui.adsabs.harvard.edu/abs/2016MNRAS.463.3409V},
      adsnote = {Provided by the SAO/NASA Astrophysics Data System}
}

@ARTICLE{verro+22,
       author = {{Verro}, K. and {Trager}, S.~C. and {Peletier}, R.~F. and {Lan{\c{c}}on}, A. and {Arentsen}, A. and {Chen}, Y. -P. and {Coelho}, P.~R.~T. and {Dries}, M. and {Falc{\'o}n-Barroso}, J. and {Gonneau}, A. and {Lyubenova}, M. and {Martins}, L. and {Prugniel}, P. and {S{\'a}nchez-Bl{\'a}zquez}, P. and {Vazdekis}, A.},
        title = "{Modelling simple stellar populations in the near-ultraviolet to near-infrared with the X-shooter Spectral Library (XSL)}",
      journal = {\aap},
     keywords = {stars: evolution, Galaxy: evolution, Galaxy: stellar content, infrared: galaxies, Astrophysics - Astrophysics of Galaxies},
         year = 2022,
        month = may,
       volume = {661},
          eid = {A50},
        pages = {A50},
          doi = {10.1051/0004-6361/202142387},
archivePrefix = {arXiv},
       eprint = {2110.10190},
 primaryClass = {astro-ph.GA},
       adsurl = {https://ui.adsabs.harvard.edu/abs/2022A&A...661A..50V},
      adsnote = {Provided by the SAO/NASA Astrophysics Data System}
}

